2017-12-23 22:43:59.872 ,QWERTYUIOP01,9128283H1,BUY,10000000,99-281,DONE,
2017-12-23 22:43:59.878 ,QWERTYUIOP02,9128283H1,SELL,20000000,99-123,DONE,
2017-12-23 22:43:59.883 ,QWERTYUIOP03,9128283H1,BUY,30000000,99-287,DONE,
2017-12-23 22:43:59.889 ,QWERTYUIOP04,9128283H1,SELL,40000000,99-255,DONE,
2017-12-23 22:43:59.895 ,QWERTYUIOP05,9128283H1,BUY,50000000,100-263,DONE,
2017-12-23 22:43:59.903 ,QWERTYUIOP06,9128283H1,SELL,50000000,99-147,DONE,
2017-12-23 22:43:59.905 ,QWERTYUIOP07,9128283H1,BUY,40000000,99-093,DONE,
2017-12-23 22:43:59.910 ,QWERTYUIOP08,9128283H1,SELL,30000000,99-020,DONE,
2017-12-23 22:43:59.918 ,QWERTYUIOP09,9128283H1,BUY,20000000,99-040,DONE,
2017-12-23 22:43:59.923 ,QWERTYUIOP10,9128283H1,SELL,10000000,99-177,DONE,
2017-12-23 22:43:59.930 ,ASDFGHJKLZ01,9128283L2,BUY,10000000,100-086,DONE,
2017-12-23 22:43:59.938 ,ASDFGHJKLZ02,9128283L2,SELL,20000000,100-061,DONE,
2017-12-23 22:43:59.944 ,ASDFGHJKLZ03,9128283L2,BUY,30000000,100-103,DONE,
2017-12-23 22:43:59.951 ,ASDFGHJKLZ04,9128283L2,SELL,40000000,100-000,DONE,
2017-12-23 22:43:59.958 ,ASDFGHJKLZ05,9128283L2,BUY,50000000,100-246,DONE,
2017-12-23 22:43:59.964 ,ASDFGHJKLZ06,9128283L2,SELL,50000000,99-001,DONE,
2017-12-23 22:43:59.970 ,ASDFGHJKLZ07,9128283L2,BUY,40000000,99-18+,DONE,
2017-12-23 22:43:59.976 ,ASDFGHJKLZ08,9128283L2,SELL,30000000,99-015,DONE,
2017-12-23 22:43:59.981 ,ASDFGHJKLZ09,9128283L2,BUY,20000000,100-272,DONE,
2017-12-23 22:43:59.989 ,ASDFGHJKLZ10,9128283L2,SELL,10000000,100-197,DONE,
2017-12-23 22:43:59.995 ,XCVBNMPOIU01,912828M80,BUY,10000000,99-27+,DONE,
2017-12-23 22:44:00.002 ,XCVBNMPOIU02,912828M80,SELL,20000000,100-061,DONE,
2017-12-23 22:44:00.011 ,XCVBNMPOIU03,912828M80,BUY,30000000,99-053,DONE,
2017-12-23 22:44:00.019 ,XCVBNMPOIU04,912828M80,SELL,40000000,99-086,DONE,
2017-12-23 22:44:00.027 ,XCVBNMPOIU05,912828M80,BUY,50000000,99-11+,DONE,
2017-12-23 22:44:00.033 ,XCVBNMPOIU06,912828M80,SELL,50000000,100-101,DONE,
2017-12-23 22:44:00.041 ,XCVBNMPOIU07,912828M80,BUY,40000000,100-261,DONE,
2017-12-23 22:44:00.049 ,XCVBNMPOIU08,912828M80,SELL,30000000,100-242,DONE,
2017-12-23 22:44:00.057 ,XCVBNMPOIU09,912828M80,BUY,20000000,100-292,DONE,
2017-12-23 22:44:00.066 ,XCVBNMPOIU10,912828M80,SELL,10000000,99-097,DONE,
2017-12-23 22:44:00.074 ,YTREWQLKJH01,9128283J7,BUY,10000000,100-140,DONE,
2017-12-23 22:44:00.081 ,YTREWQLKJH02,9128283J7,SELL,20000000,99-187,DONE,
2017-12-23 22:44:00.087 ,YTREWQLKJH03,9128283J7,BUY,30000000,100-121,DONE,
2017-12-23 22:44:00.093 ,YTREWQLKJH04,9128283J7,SELL,40000000,99-046,DONE,
2017-12-23 22:44:00.098 ,YTREWQLKJH05,9128283J7,BUY,50000000,99-291,DONE,
2017-12-23 22:44:00.106 ,YTREWQLKJH06,9128283J7,SELL,50000000,100-052,DONE,
2017-12-23 22:44:00.113 ,YTREWQLKJH07,9128283J7,BUY,40000000,100-16+,DONE,
2017-12-23 22:44:00.120 ,YTREWQLKJH08,9128283J7,SELL,30000000,99-315,DONE,
2017-12-23 22:44:00.127 ,YTREWQLKJH09,9128283J7,BUY,20000000,100-220,DONE,
2017-12-23 22:44:00.136 ,YTREWQLKJH10,9128283J7,SELL,10000000,100-277,DONE,
2017-12-23 22:44:00.142 ,GFDSAMNBVC01,9128283F5,BUY,10000000,100-166,DONE,
2017-12-23 22:44:00.150 ,GFDSAMNBVC02,9128283F5,SELL,20000000,100-040,DONE,
2017-12-23 22:44:00.158 ,GFDSAMNBVC03,9128283F5,BUY,30000000,99-161,DONE,
2017-12-23 22:44:00.166 ,GFDSAMNBVC04,9128283F5,SELL,40000000,100-29+,DONE,
2017-12-23 22:44:00.174 ,GFDSAMNBVC05,9128283F5,BUY,50000000,99-052,DONE,
2017-12-23 22:44:00.182 ,GFDSAMNBVC06,9128283F5,SELL,50000000,100-20+,DONE,
2017-12-23 22:44:00.192 ,GFDSAMNBVC07,9128283F5,BUY,40000000,99-023,DONE,
2017-12-23 22:44:00.200 ,GFDSAMNBVC08,9128283F5,SELL,30000000,99-086,DONE,
2017-12-23 22:44:00.210 ,GFDSAMNBVC09,9128283F5,BUY,20000000,99-075,DONE,
2017-12-23 22:44:00.218 ,GFDSAMNBVC10,9128283F5,SELL,10000000,99-035,DONE,
2017-12-23 22:44:00.225 ,XZQWERTYUI01,912810RZ3,BUY,10000000,100-013,DONE,
2017-12-23 22:44:00.236 ,XZQWERTYUI02,912810RZ3,SELL,20000000,99-245,DONE,
2017-12-23 22:44:00.244 ,XZQWERTYUI03,912810RZ3,BUY,30000000,99-002,DONE,
2017-12-23 22:44:00.253 ,XZQWERTYUI04,912810RZ3,SELL,40000000,100-277,DONE,
2017-12-23 22:44:00.260 ,XZQWERTYUI05,912810RZ3,BUY,50000000,100-047,DONE,
2017-12-23 22:44:00.267 ,XZQWERTYUI06,912810RZ3,SELL,50000000,100-013,DONE,
2017-12-23 22:44:00.274 ,XZQWERTYUI07,912810RZ3,BUY,40000000,99-166,DONE,
2017-12-23 22:44:00.282 ,XZQWERTYUI08,912810RZ3,SELL,30000000,100-075,DONE,
2017-12-23 22:44:00.288 ,XZQWERTYUI09,912810RZ3,BUY,20000000,100-012,DONE,
2017-12-23 22:44:00.295 ,XZQWERTYUI10,912810RZ3,SELL,10000000,100-103,DONE,
2024-12-20 22:41:58.456 ,QWERTYUIOP01,9128283H1,BUY,10000000,99-281,DONE,
2024-12-20 22:41:58.457 ,QWERTYUIOP02,9128283H1,SELL,20000000,99-123,DONE,
2024-12-20 22:41:58.457 ,QWERTYUIOP03,9128283H1,BUY,30000000,99-287,DONE,
2024-12-20 22:41:58.458 ,QWERTYUIOP04,9128283H1,SELL,40000000,99-255,DONE,
2024-12-20 22:41:58.458 ,QWERTYUIOP05,9128283H1,BUY,50000000,100-263,DONE,
2024-12-20 22:41:58.459 ,QWERTYUIOP06,9128283H1,SELL,50000000,99-147,DONE,
2024-12-20 22:41:58.459 ,QWERTYUIOP07,9128283H1,BUY,40000000,99-093,DONE,
2024-12-20 22:41:58.460 ,QWERTYUIOP08,9128283H1,SELL,30000000,99-020,DONE,
2024-12-20 22:41:58.460 ,QWERTYUIOP09,9128283H1,BUY,20000000,99-040,DONE,
2024-12-20 22:41:58.461 ,QWERTYUIOP10,9128283H1,SELL,10000000,99-177,DONE,
2024-12-20 22:41:58.461 ,ASDFGHJKLZ01,9128283L2,BUY,10000000,100-086,DONE,
2024-12-20 22:41:58.461 ,ASDFGHJKLZ02,9128283L2,SELL,20000000,100-061,DONE,
2024-12-20 22:41:58.462 ,ASDFGHJKLZ03,9128283L2,BUY,30000000,100-103,DONE,
2024-12-20 22:41:58.462 ,ASDFGHJKLZ04,9128283L2,SELL,40000000,100-000,DONE,
2024-12-20 22:41:58.463 ,ASDFGHJKLZ05,9128283L2,BUY,50000000,100-246,DONE,
2024-12-20 22:41:58.463 ,ASDFGHJKLZ06,9128283L2,SELL,50000000,99-001,DONE,
2024-12-20 22:41:58.464 ,ASDFGHJKLZ07,9128283L2,BUY,40000000,99-18+,DONE,
2024-12-20 22:41:58.464 ,ASDFGHJKLZ08,9128283L2,SELL,30000000,99-015,DONE,
2024-12-20 22:41:58.465 ,ASDFGHJKLZ09,9128283L2,BUY,20000000,100-272,DONE,
2024-12-20 22:41:58.465 ,ASDFGHJKLZ10,9128283L2,SELL,10000000,100-197,DONE,
2024-12-20 22:41:58.466 ,XCVBNMPOIU01,912828M80,BUY,10000000,99-27+,DONE,
2024-12-20 22:41:58.466 ,XCVBNMPOIU02,912828M80,SELL,20000000,100-061,DONE,
2024-12-20 22:41:58.466 ,XCVBNMPOIU03,912828M80,BUY,30000000,99-053,DONE,
2024-12-20 22:41:58.467 ,XCVBNMPOIU04,912828M80,SELL,40000000,99-086,DONE,
2024-12-20 22:41:58.467 ,XCVBNMPOIU05,912828M80,BUY,50000000,99-11+,DONE,
2024-12-20 22:41:58.468 ,XCVBNMPOIU06,912828M80,SELL,50000000,100-101,DONE,
2024-12-20 22:41:58.468 ,XCVBNMPOIU07,912828M80,BUY,40000000,100-261,DONE,
2024-12-20 22:41:58.469 ,XCVBNMPOIU08,912828M80,SELL,30000000,100-242,DONE,
2024-12-20 22:41:58.469 ,XCVBNMPOIU09,912828M80,BUY,20000000,100-292,DONE,
2024-12-20 22:41:58.470 ,XCVBNMPOIU10,912828M80,SELL,10000000,99-097,DONE,
2024-12-20 22:41:58.471 ,YTREWQLKJH01,9128283J7,BUY,10000000,100-140,DONE,
2024-12-20 22:41:58.471 ,YTREWQLKJH02,9128283J7,SELL,20000000,99-187,DONE,
2024-12-20 22:41:58.472 ,YTREWQLKJH03,9128283J7,BUY,30000000,100-121,DONE,
2024-12-20 22:41:58.472 ,YTREWQLKJH04,9128283J7,SELL,40000000,99-046,DONE,
2024-12-20 22:41:58.473 ,YTREWQLKJH05,9128283J7,BUY,50000000,99-291,DONE,
2024-12-20 22:41:58.473 ,YTREWQLKJH06,9128283J7,SELL,50000000,100-052,DONE,
2024-12-20 22:41:58.474 ,YTREWQLKJH07,9128283J7,BUY,40000000,100-16+,DONE,
2024-12-20 22:41:58.474 ,YTREWQLKJH08,9128283J7,SELL,30000000,99-315,DONE,
2024-12-20 22:41:58.475 ,YTREWQLKJH09,9128283J7,BUY,20000000,100-220,DONE,
2024-12-20 22:41:58.475 ,YTREWQLKJH10,9128283J7,SELL,10000000,100-277,DONE,
2024-12-20 22:41:58.475 ,GFDSAMNBVC01,9128283F5,BUY,10000000,100-166,DONE,
2024-12-20 22:41:58.476 ,GFDSAMNBVC02,9128283F5,SELL,20000000,100-040,DONE,
2024-12-20 22:41:58.476 ,GFDSAMNBVC03,9128283F5,BUY,30000000,99-161,DONE,
2024-12-20 22:41:58.477 ,GFDSAMNBVC04,9128283F5,SELL,40000000,100-29+,DONE,
2024-12-20 22:41:58.477 ,GFDSAMNBVC05,9128283F5,BUY,50000000,99-052,DONE,
2024-12-20 22:41:58.478 ,GFDSAMNBVC06,9128283F5,SELL,50000000,100-20+,DONE,
2024-12-20 22:41:58.478 ,GFDSAMNBVC07,9128283F5,BUY,40000000,99-023,DONE,
2024-12-20 22:41:58.479 ,GFDSAMNBVC08,9128283F5,SELL,30000000,99-086,DONE,
2024-12-20 22:41:58.479 ,GFDSAMNBVC09,9128283F5,BUY,20000000,99-075,DONE,
2024-12-20 22:41:58.480 ,GFDSAMNBVC10,9128283F5,SELL,10000000,99-035,DONE,
2024-12-20 22:41:58.480 ,XZQWERTYUI01,912810RZ3,BUY,10000000,100-013,DONE,
2024-12-20 22:41:58.481 ,XZQWERTYUI02,912810RZ3,SELL,20000000,99-245,DONE,
2024-12-20 22:41:58.481 ,XZQWERTYUI03,912810RZ3,BUY,30000000,99-002,DONE,
2024-12-20 22:41:58.482 ,XZQWERTYUI04,912810RZ3,SELL,40000000,100-277,DONE,
2024-12-20 22:41:58.482 ,XZQWERTYUI05,912810RZ3,BUY,50000000,100-047,DONE,
2024-12-20 22:41:58.483 ,XZQWERTYUI06,912810RZ3,SELL,50000000,100-013,DONE,
2024-12-20 22:41:58.483 ,XZQWERTYUI07,912810RZ3,BUY,40000000,99-166,DONE,
2024-12-20 22:41:58.484 ,XZQWERTYUI08,912810RZ3,SELL,30000000,100-075,DONE,
2024-12-20 22:41:58.484 ,XZQWERTYUI09,912810RZ3,BUY,20000000,100-012,DONE,
2024-12-20 22:41:58.485 ,XZQWERTYUI10,912810RZ3,SELL,10000000,100-103,DONE,
2024-12-20 23:32:52.420 ,QWERTYUIOP01,9128283H1,BUY,10000000,99-281,DONE,
2024-12-20 23:32:52.420 ,QWERTYUIOP02,9128283H1,SELL,20000000,99-123,DONE,
2024-12-20 23:32:52.421 ,QWERTYUIOP03,9128283H1,BUY,30000000,99-287,DONE,
2024-12-20 23:32:52.421 ,QWERTYUIOP04,9128283H1,SELL,40000000,99-255,DONE,
2024-12-20 23:32:52.422 ,QWERTYUIOP05,9128283H1,BUY,50000000,100-263,DONE,
2024-12-20 23:32:52.423 ,QWERTYUIOP06,9128283H1,SELL,50000000,99-147,DONE,
2024-12-20 23:32:52.423 ,QWERTYUIOP07,9128283H1,BUY,40000000,99-093,DONE,
2024-12-20 23:32:52.424 ,QWERTYUIOP08,9128283H1,SELL,30000000,99-020,DONE,
2024-12-20 23:32:52.424 ,QWERTYUIOP09,9128283H1,BUY,20000000,99-040,DONE,
2024-12-20 23:32:52.425 ,QWERTYUIOP10,9128283H1,SELL,10000000,99-177,DONE,
2024-12-20 23:32:52.425 ,ASDFGHJKLZ01,9128283L2,BUY,10000000,100-086,DONE,
2024-12-20 23:32:52.425 ,ASDFGHJKLZ02,9128283L2,SELL,20000000,100-061,DONE,
2024-12-20 23:32:52.426 ,ASDFGHJKLZ03,9128283L2,BUY,30000000,100-103,DONE,
2024-12-20 23:32:52.426 ,ASDFGHJKLZ04,9128283L2,SELL,40000000,100-000,DONE,
2024-12-20 23:32:52.427 ,ASDFGHJKLZ05,9128283L2,BUY,50000000,100-246,DONE,
2024-12-20 23:32:52.427 ,ASDFGHJKLZ06,9128283L2,SELL,50000000,99-001,DONE,
2024-12-20 23:32:52.428 ,ASDFGHJKLZ07,9128283L2,BUY,40000000,99-18+,DONE,
2024-12-20 23:32:52.428 ,ASDFGHJKLZ08,9128283L2,SELL,30000000,99-015,DONE,
2024-12-20 23:32:52.429 ,ASDFGHJKLZ09,9128283L2,BUY,20000000,100-272,DONE,
2024-12-20 23:32:52.429 ,ASDFGHJKLZ10,9128283L2,SELL,10000000,100-197,DONE,
2024-12-20 23:32:52.430 ,XCVBNMPOIU01,912828M80,BUY,10000000,99-27+,DONE,
2024-12-20 23:32:52.430 ,XCVBNMPOIU02,912828M80,SELL,20000000,100-061,DONE,
2024-12-20 23:32:52.430 ,XCVBNMPOIU03,912828M80,BUY,30000000,99-053,DONE,
2024-12-20 23:32:52.431 ,XCVBNMPOIU04,912828M80,SELL,40000000,99-086,DONE,
2024-12-20 23:32:52.431 ,XCVBNMPOIU05,912828M80,BUY,50000000,99-11+,DONE,
2024-12-20 23:32:52.432 ,XCVBNMPOIU06,912828M80,SELL,50000000,100-101,DONE,
2024-12-20 23:32:52.433 ,XCVBNMPOIU07,912828M80,BUY,40000000,100-261,DONE,
2024-12-20 23:32:52.434 ,XCVBNMPOIU08,912828M80,SELL,30000000,100-242,DONE,
2024-12-20 23:32:52.435 ,XCVBNMPOIU09,912828M80,BUY,20000000,100-292,DONE,
2024-12-20 23:32:52.435 ,XCVBNMPOIU10,912828M80,SELL,10000000,99-097,DONE,
2024-12-20 23:32:52.436 ,YTREWQLKJH01,9128283J7,BUY,10000000,100-140,DONE,
2024-12-20 23:32:52.437 ,YTREWQLKJH02,9128283J7,SELL,20000000,99-187,DONE,
2024-12-20 23:32:52.438 ,YTREWQLKJH03,9128283J7,BUY,30000000,100-121,DONE,
2024-12-20 23:32:52.439 ,YTREWQLKJH04,9128283J7,SELL,40000000,99-046,DONE,
2024-12-20 23:32:52.440 ,YTREWQLKJH05,9128283J7,BUY,50000000,99-291,DONE,
2024-12-20 23:32:52.441 ,YTREWQLKJH06,9128283J7,SELL,50000000,100-052,DONE,
2024-12-20 23:32:52.441 ,YTREWQLKJH07,9128283J7,BUY,40000000,100-16+,DONE,
2024-12-20 23:32:52.442 ,YTREWQLKJH08,9128283J7,SELL,30000000,99-315,DONE,
2024-12-20 23:32:52.443 ,YTREWQLKJH09,9128283J7,BUY,20000000,100-220,DONE,
2024-12-20 23:32:52.444 ,YTREWQLKJH10,9128283J7,SELL,10000000,100-277,DONE,
2024-12-20 23:32:52.445 ,GFDSAMNBVC01,9128283F5,BUY,10000000,100-166,DONE,
2024-12-20 23:32:52.445 ,GFDSAMNBVC02,9128283F5,SELL,20000000,100-040,DONE,
2024-12-20 23:32:52.446 ,GFDSAMNBVC03,9128283F5,BUY,30000000,99-161,DONE,
2024-12-20 23:32:52.446 ,GFDSAMNBVC04,9128283F5,SELL,40000000,100-29+,DONE,
2024-12-20 23:32:52.447 ,GFDSAMNBVC05,9128283F5,BUY,50000000,99-052,DONE,
2024-12-20 23:32:52.447 ,GFDSAMNBVC06,9128283F5,SELL,50000000,100-20+,DONE,
2024-12-20 23:32:52.448 ,GFDSAMNBVC07,9128283F5,BUY,40000000,99-023,DONE,
2024-12-20 23:32:52.448 ,GFDSAMNBVC08,9128283F5,SELL,30000000,99-086,DONE,
2024-12-20 23:32:52.449 ,GFDSAMNBVC09,9128283F5,BUY,20000000,99-075,DONE,
2024-12-20 23:32:52.450 ,GFDSAMNBVC10,9128283F5,SELL,10000000,99-035,DONE,
2024-12-20 23:32:52.450 ,XZQWERTYUI01,912810RZ3,BUY,10000000,100-013,DONE,
2024-12-20 23:32:52.451 ,XZQWERTYUI02,912810RZ3,SELL,20000000,99-245,DONE,
2024-12-20 23:32:52.451 ,XZQWERTYUI03,912810RZ3,BUY,30000000,99-002,DONE,
2024-12-20 23:32:52.452 ,XZQWERTYUI04,912810RZ3,SELL,40000000,100-277,DONE,
2024-12-20 23:32:52.452 ,XZQWERTYUI05,912810RZ3,BUY,50000000,100-047,DONE,
2024-12-20 23:32:52.453 ,XZQWERTYUI06,912810RZ3,SELL,50000000,100-013,DONE,
2024-12-20 23:32:52.453 ,XZQWERTYUI07,912810RZ3,BUY,40000000,99-166,DONE,
2024-12-20 23:32:52.454 ,XZQWERTYUI08,912810RZ3,SELL,30000000,100-075,DONE,
2024-12-20 23:32:52.454 ,XZQWERTYUI09,912810RZ3,BUY,20000000,100-012,DONE,
2024-12-20 23:32:52.455 ,XZQWERTYUI10,912810RZ3,SELL,10000000,100-103,DONE,
2024-12-20 23:33:36.858 ,QWERTYUIOP01,9128283H1,BUY,10000000,99-281,DONE,
2024-12-20 23:33:36.859 ,QWERTYUIOP02,9128283H1,SELL,20000000,99-123,DONE,
2024-12-20 23:33:36.859 ,QWERTYUIOP03,9128283H1,BUY,30000000,99-287,DONE,
2024-12-20 23:33:36.859 ,QWERTYUIOP04,9128283H1,SELL,40000000,99-255,DONE,
2024-12-20 23:33:36.860 ,QWERTYUIOP05,9128283H1,BUY,50000000,100-263,DONE,
2024-12-20 23:33:36.860 ,QWERTYUIOP06,9128283H1,SELL,50000000,99-147,DONE,
2024-12-20 23:33:36.861 ,QWERTYUIOP07,9128283H1,BUY,40000000,99-093,DONE,
2024-12-20 23:33:36.861 ,QWERTYUIOP08,9128283H1,SELL,30000000,99-020,DONE,
2024-12-20 23:33:36.861 ,QWERTYUIOP09,9128283H1,BUY,20000000,99-040,DONE,
2024-12-20 23:33:36.862 ,QWERTYUIOP10,9128283H1,SELL,10000000,99-177,DONE,
2024-12-20 23:33:36.862 ,ASDFGHJKLZ01,9128283L2,BUY,10000000,100-086,DONE,
2024-12-20 23:33:36.862 ,ASDFGHJKLZ02,9128283L2,SELL,20000000,100-061,DONE,
2024-12-20 23:33:36.863 ,ASDFGHJKLZ03,9128283L2,BUY,30000000,100-103,DONE,
2024-12-20 23:33:36.863 ,ASDFGHJKLZ04,9128283L2,SELL,40000000,100-000,DONE,
2024-12-20 23:33:36.863 ,ASDFGHJKLZ05,9128283L2,BUY,50000000,100-246,DONE,
2024-12-20 23:33:36.864 ,ASDFGHJKLZ06,9128283L2,SELL,50000000,99-001,DONE,
2024-12-20 23:33:36.864 ,ASDFGHJKLZ07,9128283L2,BUY,40000000,99-18+,DONE,
2024-12-20 23:33:36.864 ,ASDFGHJKLZ08,9128283L2,SELL,30000000,99-015,DONE,
2024-12-20 23:33:36.865 ,ASDFGHJKLZ09,9128283L2,BUY,20000000,100-272,DONE,
2024-12-20 23:33:36.865 ,ASDFGHJKLZ10,9128283L2,SELL,10000000,100-197,DONE,
2024-12-20 23:33:36.865 ,XCVBNMPOIU01,912828M80,BUY,10000000,99-27+,DONE,
2024-12-20 23:33:36.866 ,XCVBNMPOIU02,912828M80,SELL,20000000,100-061,DONE,
2024-12-20 23:33:36.866 ,XCVBNMPOIU03,912828M80,BUY,30000000,99-053,DONE,
2024-12-20 23:33:36.866 ,XCVBNMPOIU04,912828M80,SELL,40000000,99-086,DONE,
2024-12-20 23:33:36.867 ,XCVBNMPOIU05,912828M80,BUY,50000000,99-11+,DONE,
2024-12-20 23:33:36.867 ,XCVBNMPOIU06,912828M80,SELL,50000000,100-101,DONE,
2024-12-20 23:33:36.868 ,XCVBNMPOIU07,912828M80,BUY,40000000,100-261,DONE,
2024-12-20 23:33:36.868 ,XCVBNMPOIU08,912828M80,SELL,30000000,100-242,DONE,
2024-12-20 23:33:36.868 ,XCVBNMPOIU09,912828M80,BUY,20000000,100-292,DONE,
2024-12-20 23:33:36.869 ,XCVBNMPOIU10,912828M80,SELL,10000000,99-097,DONE,
2024-12-20 23:33:36.869 ,YTREWQLKJH01,9128283J7,BUY,10000000,100-140,DONE,
2024-12-20 23:33:36.869 ,YTREWQLKJH02,9128283J7,SELL,20000000,99-187,DONE,
2024-12-20 23:33:36.870 ,YTREWQLKJH03,9128283J7,BUY,30000000,100-121,DONE,
2024-12-20 23:33:36.870 ,YTREWQLKJH04,9128283J7,SELL,40000000,99-046,DONE,
2024-12-20 23:33:36.870 ,YTREWQLKJH05,9128283J7,BUY,50000000,99-291,DONE,
2024-12-20 23:33:36.871 ,YTREWQLKJH06,9128283J7,SELL,50000000,100-052,DONE,
2024-12-20 23:33:36.871 ,YTREWQLKJH07,9128283J7,BUY,40000000,100-16+,DONE,
2024-12-20 23:33:36.872 ,YTREWQLKJH08,9128283J7,SELL,30000000,99-315,DONE,
2024-12-20 23:33:36.872 ,YTREWQLKJH09,9128283J7,BUY,20000000,100-220,DONE,
2024-12-20 23:33:36.872 ,YTREWQLKJH10,9128283J7,SELL,10000000,100-277,DONE,
2024-12-20 23:33:36.873 ,GFDSAMNBVC01,9128283F5,BUY,10000000,100-166,DONE,
2024-12-20 23:33:36.873 ,GFDSAMNBVC02,9128283F5,SELL,20000000,100-040,DONE,
2024-12-20 23:33:36.873 ,GFDSAMNBVC03,9128283F5,BUY,30000000,99-161,DONE,
2024-12-20 23:33:36.874 ,GFDSAMNBVC04,9128283F5,SELL,40000000,100-29+,DONE,
2024-12-20 23:33:36.874 ,GFDSAMNBVC05,9128283F5,BUY,50000000,99-052,DONE,
2024-12-20 23:33:36.874 ,GFDSAMNBVC06,9128283F5,SELL,50000000,100-20+,DONE,
2024-12-20 23:33:36.875 ,GFDSAMNBVC07,9128283F5,BUY,40000000,99-023,DONE,
2024-12-20 23:33:36.875 ,GFDSAMNBVC08,9128283F5,SELL,30000000,99-086,DONE,
2024-12-20 23:33:36.876 ,GFDSAMNBVC09,9128283F5,BUY,20000000,99-075,DONE,
2024-12-20 23:33:36.876 ,GFDSAMNBVC10,9128283F5,SELL,10000000,99-035,DONE,
2024-12-20 23:33:36.876 ,XZQWERTYUI01,912810RZ3,BUY,10000000,100-013,DONE,
2024-12-20 23:33:36.877 ,XZQWERTYUI02,912810RZ3,SELL,20000000,99-245,DONE,
2024-12-20 23:33:36.877 ,XZQWERTYUI03,912810RZ3,BUY,30000000,99-002,DONE,
2024-12-20 23:33:36.878 ,XZQWERTYUI04,912810RZ3,SELL,40000000,100-277,DONE,
2024-12-20 23:33:36.878 ,XZQWERTYUI05,912810RZ3,BUY,50000000,100-047,DONE,
2024-12-20 23:33:36.878 ,XZQWERTYUI06,912810RZ3,SELL,50000000,100-013,DONE,
2024-12-20 23:33:36.879 ,XZQWERTYUI07,912810RZ3,BUY,40000000,99-166,DONE,
2024-12-20 23:33:36.879 ,XZQWERTYUI08,912810RZ3,SELL,30000000,100-075,DONE,
2024-12-20 23:33:36.880 ,XZQWERTYUI09,912810RZ3,BUY,20000000,100-012,DONE,
2024-12-20 23:33:36.880 ,XZQWERTYUI10,912810RZ3,SELL,10000000,100-103,DONE,
2024-12-20 23:37:24.362 ,QWERTYUIOP01,9128283H1,BUY,10000000,99-281,DONE,
2024-12-20 23:37:24.363 ,QWERTYUIOP02,9128283H1,SELL,20000000,99-123,DONE,
2024-12-20 23:37:24.363 ,QWERTYUIOP03,9128283H1,BUY,30000000,99-287,DONE,
2024-12-20 23:37:24.363 ,QWERTYUIOP04,9128283H1,SELL,40000000,99-255,DONE,
2024-12-20 23:37:24.364 ,QWERTYUIOP05,9128283H1,BUY,50000000,100-263,DONE,
2024-12-20 23:37:24.364 ,QWERTYUIOP06,9128283H1,SELL,50000000,99-147,DONE,
2024-12-20 23:37:24.365 ,QWERTYUIOP07,9128283H1,BUY,40000000,99-093,DONE,
2024-12-20 23:37:24.365 ,QWERTYUIOP08,9128283H1,SELL,30000000,99-020,DONE,
2024-12-20 23:37:24.365 ,QWERTYUIOP09,9128283H1,BUY,20000000,99-040,DONE,
2024-12-20 23:37:24.366 ,QWERTYUIOP10,9128283H1,SELL,10000000,99-177,DONE,
2024-12-20 23:37:24.366 ,ASDFGHJKLZ01,9128283L2,BUY,10000000,100-086,DONE,
2024-12-20 23:37:24.367 ,ASDFGHJKLZ02,9128283L2,SELL,20000000,100-061,DONE,
2024-12-20 23:37:24.367 ,ASDFGHJKLZ03,9128283L2,BUY,30000000,100-103,DONE,
2024-12-20 23:37:24.367 ,ASDFGHJKLZ04,9128283L2,SELL,40000000,100-000,DONE,
2024-12-20 23:37:24.368 ,ASDFGHJKLZ05,9128283L2,BUY,50000000,100-246,DONE,
2024-12-20 23:37:24.368 ,ASDFGHJKLZ06,9128283L2,SELL,50000000,99-001,DONE,
2024-12-20 23:37:24.369 ,ASDFGHJKLZ07,9128283L2,BUY,40000000,99-18+,DONE,
2024-12-20 23:37:24.369 ,ASDFGHJKLZ08,9128283L2,SELL,30000000,99-015,DONE,
2024-12-20 23:37:24.370 ,ASDFGHJKLZ09,9128283L2,BUY,20000000,100-272,DONE,
2024-12-20 23:37:24.370 ,ASDFGHJKLZ10,9128283L2,SELL,10000000,100-197,DONE,
2024-12-20 23:37:24.370 ,XCVBNMPOIU01,912828M80,BUY,10000000,99-27+,DONE,
2024-12-20 23:37:24.371 ,XCVBNMPOIU02,912828M80,SELL,20000000,100-061,DONE,
2024-12-20 23:37:24.371 ,XCVBNMPOIU03,912828M80,BUY,30000000,99-053,DONE,
2024-12-20 23:37:24.372 ,XCVBNMPOIU04,912828M80,SELL,40000000,99-086,DONE,
2024-12-20 23:37:24.372 ,XCVBNMPOIU05,912828M80,BUY,50000000,99-11+,DONE,
2024-12-20 23:37:24.372 ,XCVBNMPOIU06,912828M80,SELL,50000000,100-101,DONE,
2024-12-20 23:37:24.373 ,XCVBNMPOIU07,912828M80,BUY,40000000,100-261,DONE,
2024-12-20 23:37:24.373 ,XCVBNMPOIU08,912828M80,SELL,30000000,100-242,DONE,
2024-12-20 23:37:24.374 ,XCVBNMPOIU09,912828M80,BUY,20000000,100-292,DONE,
2024-12-20 23:37:24.374 ,XCVBNMPOIU10,912828M80,SELL,10000000,99-097,DONE,
2024-12-20 23:37:24.375 ,YTREWQLKJH01,9128283J7,BUY,10000000,100-140,DONE,
2024-12-20 23:37:24.375 ,YTREWQLKJH02,9128283J7,SELL,20000000,99-187,DONE,
2024-12-20 23:37:24.376 ,YTREWQLKJH03,9128283J7,BUY,30000000,100-121,DONE,
2024-12-20 23:37:24.376 ,YTREWQLKJH04,9128283J7,SELL,40000000,99-046,DONE,
2024-12-20 23:37:24.377 ,YTREWQLKJH05,9128283J7,BUY,50000000,99-291,DONE,
2024-12-20 23:37:24.377 ,YTREWQLKJH06,9128283J7,SELL,50000000,100-052,DONE,
2024-12-20 23:37:24.377 ,YTREWQLKJH07,9128283J7,BUY,40000000,100-16+,DONE,
2024-12-20 23:37:24.378 ,YTREWQLKJH08,9128283J7,SELL,30000000,99-315,DONE,
2024-12-20 23:37:24.378 ,YTREWQLKJH09,9128283J7,BUY,20000000,100-220,DONE,
2024-12-20 23:37:24.379 ,YTREWQLKJH10,9128283J7,SELL,10000000,100-277,DONE,
2024-12-20 23:37:24.379 ,GFDSAMNBVC01,9128283F5,BUY,10000000,100-166,DONE,
2024-12-20 23:37:24.380 ,GFDSAMNBVC02,9128283F5,SELL,20000000,100-040,DONE,
2024-12-20 23:37:24.380 ,GFDSAMNBVC03,9128283F5,BUY,30000000,99-161,DONE,
2024-12-20 23:37:24.381 ,GFDSAMNBVC04,9128283F5,SELL,40000000,100-29+,DONE,
2024-12-20 23:37:24.381 ,GFDSAMNBVC05,9128283F5,BUY,50000000,99-052,DONE,
2024-12-20 23:37:24.381 ,GFDSAMNBVC06,9128283F5,SELL,50000000,100-20+,DONE,
2024-12-20 23:37:24.382 ,GFDSAMNBVC07,9128283F5,BUY,40000000,99-023,DONE,
2024-12-20 23:37:24.382 ,GFDSAMNBVC08,9128283F5,SELL,30000000,99-086,DONE,
2024-12-20 23:37:24.383 ,GFDSAMNBVC09,9128283F5,BUY,20000000,99-075,DONE,
2024-12-20 23:37:24.383 ,GFDSAMNBVC10,9128283F5,SELL,10000000,99-035,DONE,
2024-12-20 23:37:24.383 ,XZQWERTYUI01,912810RZ3,BUY,10000000,100-013,DONE,
2024-12-20 23:37:24.384 ,XZQWERTYUI02,912810RZ3,SELL,20000000,99-245,DONE,
2024-12-20 23:37:24.384 ,XZQWERTYUI03,912810RZ3,BUY,30000000,99-002,DONE,
2024-12-20 23:37:24.385 ,XZQWERTYUI04,912810RZ3,SELL,40000000,100-277,DONE,
2024-12-20 23:37:24.385 ,XZQWERTYUI05,912810RZ3,BUY,50000000,100-047,DONE,
2024-12-20 23:37:24.386 ,XZQWERTYUI06,912810RZ3,SELL,50000000,100-013,DONE,
2024-12-20 23:37:24.386 ,XZQWERTYUI07,912810RZ3,BUY,40000000,99-166,DONE,
2024-12-20 23:37:24.386 ,XZQWERTYUI08,912810RZ3,SELL,30000000,100-075,DONE,
2024-12-20 23:37:24.387 ,XZQWERTYUI09,912810RZ3,BUY,20000000,100-012,DONE,
2024-12-20 23:37:24.387 ,XZQWERTYUI10,912810RZ3,SELL,10000000,100-103,DONE,
2024-12-20 23:52:53.115 ,QWERTYUIOP01,9128283H1,BUY,10000000,99-281,DONE,
2024-12-20 23:52:53.116 ,QWERTYUIOP02,9128283H1,SELL,20000000,99-123,DONE,
2024-12-20 23:52:53.116 ,QWERTYUIOP03,9128283H1,BUY,30000000,99-287,DONE,
2024-12-20 23:52:53.117 ,QWERTYUIOP04,9128283H1,SELL,40000000,99-255,DONE,
2024-12-20 23:52:53.117 ,QWERTYUIOP05,9128283H1,BUY,50000000,100-263,DONE,
2024-12-20 23:52:53.117 ,QWERTYUIOP06,9128283H1,SELL,50000000,99-147,DONE,
2024-12-20 23:52:53.118 ,QWERTYUIOP07,9128283H1,BUY,40000000,99-093,DONE,
2024-12-20 23:52:53.118 ,QWERTYUIOP08,9128283H1,SELL,30000000,99-020,DONE,
2024-12-20 23:52:53.119 ,QWERTYUIOP09,9128283H1,BUY,20000000,99-040,DONE,
2024-12-20 23:52:53.119 ,QWERTYUIOP10,9128283H1,SELL,10000000,99-177,DONE,
2024-12-20 23:52:53.120 ,ASDFGHJKLZ01,9128283L2,BUY,10000000,100-086,DONE,
2024-12-20 23:52:53.120 ,ASDFGHJKLZ02,9128283L2,SELL,20000000,100-061,DONE,
2024-12-20 23:52:53.121 ,ASDFGHJKLZ03,9128283L2,BUY,30000000,100-103,DONE,
2024-12-20 23:52:53.121 ,ASDFGHJKLZ04,9128283L2,SELL,40000000,100-000,DONE,
2024-12-20 23:52:53.121 ,ASDFGHJKLZ05,9128283L2,BUY,50000000,100-246,DONE,
2024-12-20 23:52:53.122 ,ASDFGHJKLZ06,9128283L2,SELL,50000000,99-001,DONE,
2024-12-20 23:52:53.122 ,ASDFGHJKLZ07,9128283L2,BUY,40000000,99-18+,DONE,
2024-12-20 23:52:53.123 ,ASDFGHJKLZ08,9128283L2,SELL,30000000,99-015,DONE,
2024-12-20 23:52:53.123 ,ASDFGHJKLZ09,9128283L2,BUY,20000000,100-272,DONE,
2024-12-20 23:52:53.124 ,ASDFGHJKLZ10,9128283L2,SELL,10000000,100-197,DONE,
2024-12-20 23:52:53.124 ,XCVBNMPOIU01,912828M80,BUY,10000000,99-27+,DONE,
2024-12-20 23:52:53.124 ,XCVBNMPOIU02,912828M80,SELL,20000000,100-061,DONE,
2024-12-20 23:52:53.125 ,XCVBNMPOIU03,912828M80,BUY,30000000,99-053,DONE,
2024-12-20 23:52:53.125 ,XCVBNMPOIU04,912828M80,SELL,40000000,99-086,DONE,
2024-12-20 23:52:53.126 ,XCVBNMPOIU05,912828M80,BUY,50000000,99-11+,DONE,
2024-12-20 23:52:53.126 ,XCVBNMPOIU06,912828M80,SELL,50000000,100-101,DONE,
2024-12-20 23:52:53.127 ,XCVBNMPOIU07,912828M80,BUY,40000000,100-261,DONE,
2024-12-20 23:52:53.127 ,XCVBNMPOIU08,912828M80,SELL,30000000,100-242,DONE,
2024-12-20 23:52:53.128 ,XCVBNMPOIU09,912828M80,BUY,20000000,100-292,DONE,
2024-12-20 23:52:53.128 ,XCVBNMPOIU10,912828M80,SELL,10000000,99-097,DONE,
2024-12-20 23:52:53.128 ,YTREWQLKJH01,9128283J7,BUY,10000000,100-140,DONE,
2024-12-20 23:52:53.129 ,YTREWQLKJH02,9128283J7,SELL,20000000,99-187,DONE,
2024-12-20 23:52:53.129 ,YTREWQLKJH03,9128283J7,BUY,30000000,100-121,DONE,
2024-12-20 23:52:53.130 ,YTREWQLKJH04,9128283J7,SELL,40000000,99-046,DONE,
2024-12-20 23:52:53.130 ,YTREWQLKJH05,9128283J7,BUY,50000000,99-291,DONE,
2024-12-20 23:52:53.131 ,YTREWQLKJH06,9128283J7,SELL,50000000,100-052,DONE,
2024-12-20 23:52:53.131 ,YTREWQLKJH07,9128283J7,BUY,40000000,100-16+,DONE,
2024-12-20 23:52:53.132 ,YTREWQLKJH08,9128283J7,SELL,30000000,99-315,DONE,
2024-12-20 23:52:53.132 ,YTREWQLKJH09,9128283J7,BUY,20000000,100-220,DONE,
2024-12-20 23:52:53.132 ,YTREWQLKJH10,9128283J7,SELL,10000000,100-277,DONE,
2024-12-20 23:52:53.133 ,GFDSAMNBVC01,9128283F5,BUY,10000000,100-166,DONE,
2024-12-20 23:52:53.134 ,GFDSAMNBVC02,9128283F5,SELL,20000000,100-040,DONE,
2024-12-20 23:52:53.134 ,GFDSAMNBVC03,9128283F5,BUY,30000000,99-161,DONE,
2024-12-20 23:52:53.135 ,GFDSAMNBVC04,9128283F5,SELL,40000000,100-29+,DONE,
2024-12-20 23:52:53.135 ,GFDSAMNBVC05,9128283F5,BUY,50000000,99-052,DONE,
2024-12-20 23:52:53.136 ,GFDSAMNBVC06,9128283F5,SELL,50000000,100-20+,DONE,
2024-12-20 23:52:53.136 ,GFDSAMNBVC07,9128283F5,BUY,40000000,99-023,DONE,
2024-12-20 23:52:53.137 ,GFDSAMNBVC08,9128283F5,SELL,30000000,99-086,DONE,
2024-12-20 23:52:53.137 ,GFDSAMNBVC09,9128283F5,BUY,20000000,99-075,DONE,
2024-12-20 23:52:53.138 ,GFDSAMNBVC10,9128283F5,SELL,10000000,99-035,DONE,
2024-12-20 23:52:53.138 ,XZQWERTYUI01,912810RZ3,BUY,10000000,100-013,DONE,
2024-12-20 23:52:53.139 ,XZQWERTYUI02,912810RZ3,SELL,20000000,99-245,DONE,
2024-12-20 23:52:53.139 ,XZQWERTYUI03,912810RZ3,BUY,30000000,99-002,DONE,
2024-12-20 23:52:53.140 ,XZQWERTYUI04,912810RZ3,SELL,40000000,100-277,DONE,
2024-12-20 23:52:53.140 ,XZQWERTYUI05,912810RZ3,BUY,50000000,100-047,DONE,
2024-12-20 23:52:53.141 ,XZQWERTYUI06,912810RZ3,SELL,50000000,100-013,DONE,
2024-12-20 23:52:53.142 ,XZQWERTYUI07,912810RZ3,BUY,40000000,99-166,DONE,
2024-12-20 23:52:53.142 ,XZQWERTYUI08,912810RZ3,SELL,30000000,100-075,DONE,
2024-12-20 23:52:53.143 ,XZQWERTYUI09,912810RZ3,BUY,20000000,100-012,DONE,
2024-12-20 23:52:53.143 ,XZQWERTYUI10,912810RZ3,SELL,10000000,100-103,DONE,
2024-12-21 00:04:29.199 ,QWERTYUIOP01,9128283H1,BUY,10000000,99-281,DONE,
2024-12-21 00:04:29.200 ,QWERTYUIOP02,9128283H1,SELL,20000000,99-123,DONE,
2024-12-21 00:04:29.200 ,QWERTYUIOP03,9128283H1,BUY,30000000,99-287,DONE,
2024-12-21 00:04:29.201 ,QWERTYUIOP04,9128283H1,SELL,40000000,99-255,DONE,
2024-12-21 00:04:29.201 ,QWERTYUIOP05,9128283H1,BUY,50000000,100-263,DONE,
2024-12-21 00:04:29.202 ,QWERTYUIOP06,9128283H1,SELL,50000000,99-147,DONE,
2024-12-21 00:04:29.202 ,QWERTYUIOP07,9128283H1,BUY,40000000,99-093,DONE,
2024-12-21 00:04:29.203 ,QWERTYUIOP08,9128283H1,SELL,30000000,99-020,DONE,
2024-12-21 00:04:29.203 ,QWERTYUIOP09,9128283H1,BUY,20000000,99-040,DONE,
2024-12-21 00:04:29.204 ,QWERTYUIOP10,9128283H1,SELL,10000000,99-177,DONE,
2024-12-21 00:04:29.204 ,ASDFGHJKLZ01,9128283L2,BUY,10000000,100-086,DONE,
2024-12-21 00:04:29.205 ,ASDFGHJKLZ02,9128283L2,SELL,20000000,100-061,DONE,
2024-12-21 00:04:29.205 ,ASDFGHJKLZ03,9128283L2,BUY,30000000,100-103,DONE,
2024-12-21 00:04:29.206 ,ASDFGHJKLZ04,9128283L2,SELL,40000000,100-000,DONE,
2024-12-21 00:04:29.206 ,ASDFGHJKLZ05,9128283L2,BUY,50000000,100-246,DONE,
2024-12-21 00:04:29.207 ,ASDFGHJKLZ06,9128283L2,SELL,50000000,99-001,DONE,
2024-12-21 00:04:29.207 ,ASDFGHJKLZ07,9128283L2,BUY,40000000,99-18+,DONE,
2024-12-21 00:04:29.208 ,ASDFGHJKLZ08,9128283L2,SELL,30000000,99-015,DONE,
2024-12-21 00:04:29.208 ,ASDFGHJKLZ09,9128283L2,BUY,20000000,100-272,DONE,
2024-12-21 00:04:29.209 ,ASDFGHJKLZ10,9128283L2,SELL,10000000,100-197,DONE,
2024-12-21 00:04:29.209 ,XCVBNMPOIU01,912828M80,BUY,10000000,99-27+,DONE,
2024-12-21 00:04:29.210 ,XCVBNMPOIU02,912828M80,SELL,20000000,100-061,DONE,
2024-12-21 00:04:29.210 ,XCVBNMPOIU03,912828M80,BUY,30000000,99-053,DONE,
2024-12-21 00:04:29.211 ,XCVBNMPOIU04,912828M80,SELL,40000000,99-086,DONE,
2024-12-21 00:04:29.211 ,XCVBNMPOIU05,912828M80,BUY,50000000,99-11+,DONE,
2024-12-21 00:04:29.211 ,XCVBNMPOIU06,912828M80,SELL,50000000,100-101,DONE,
2024-12-21 00:04:29.212 ,XCVBNMPOIU07,912828M80,BUY,40000000,100-261,DONE,
2024-12-21 00:04:29.212 ,XCVBNMPOIU08,912828M80,SELL,30000000,100-242,DONE,
2024-12-21 00:04:29.213 ,XCVBNMPOIU09,912828M80,BUY,20000000,100-292,DONE,
2024-12-21 00:04:29.213 ,XCVBNMPOIU10,912828M80,SELL,10000000,99-097,DONE,
2024-12-21 00:04:29.214 ,YTREWQLKJH01,9128283J7,BUY,10000000,100-140,DONE,
2024-12-21 00:04:29.214 ,YTREWQLKJH02,9128283J7,SELL,20000000,99-187,DONE,
2024-12-21 00:04:29.214 ,YTREWQLKJH03,9128283J7,BUY,30000000,100-121,DONE,
2024-12-21 00:04:29.215 ,YTREWQLKJH04,9128283J7,SELL,40000000,99-046,DONE,
2024-12-21 00:04:29.216 ,YTREWQLKJH05,9128283J7,BUY,50000000,99-291,DONE,
2024-12-21 00:04:29.216 ,YTREWQLKJH06,9128283J7,SELL,50000000,100-052,DONE,
2024-12-21 00:04:29.217 ,YTREWQLKJH07,9128283J7,BUY,40000000,100-16+,DONE,
2024-12-21 00:04:29.217 ,YTREWQLKJH08,9128283J7,SELL,30000000,99-315,DONE,
2024-12-21 00:04:29.218 ,YTREWQLKJH09,9128283J7,BUY,20000000,100-220,DONE,
2024-12-21 00:04:29.218 ,YTREWQLKJH10,9128283J7,SELL,10000000,100-277,DONE,
2024-12-21 00:04:29.219 ,GFDSAMNBVC01,9128283F5,BUY,10000000,100-166,DONE,
2024-12-21 00:04:29.219 ,GFDSAMNBVC02,9128283F5,SELL,20000000,100-040,DONE,
2024-12-21 00:04:29.219 ,GFDSAMNBVC03,9128283F5,BUY,30000000,99-161,DONE,
2024-12-21 00:04:29.220 ,GFDSAMNBVC04,9128283F5,SELL,40000000,100-29+,DONE,
2024-12-21 00:04:29.220 ,GFDSAMNBVC05,9128283F5,BUY,50000000,99-052,DONE,
2024-12-21 00:04:29.221 ,GFDSAMNBVC06,9128283F5,SELL,50000000,100-20+,DONE,
2024-12-21 00:04:29.221 ,GFDSAMNBVC07,9128283F5,BUY,40000000,99-023,DONE,
2024-12-21 00:04:29.221 ,GFDSAMNBVC08,9128283F5,SELL,30000000,99-086,DONE,
2024-12-21 00:04:29.222 ,GFDSAMNBVC09,9128283F5,BUY,20000000,99-075,DONE,
2024-12-21 00:04:29.222 ,GFDSAMNBVC10,9128283F5,SELL,10000000,99-035,DONE,
2024-12-21 00:04:29.223 ,XZQWERTYUI01,912810RZ3,BUY,10000000,100-013,DONE,
2024-12-21 00:04:29.223 ,XZQWERTYUI02,912810RZ3,SELL,20000000,99-245,DONE,
2024-12-21 00:04:29.223 ,XZQWERTYUI03,912810RZ3,BUY,30000000,99-002,DONE,
2024-12-21 00:04:29.224 ,XZQWERTYUI04,912810RZ3,SELL,40000000,100-277,DONE,
2024-12-21 00:04:29.224 ,XZQWERTYUI05,912810RZ3,BUY,50000000,100-047,DONE,
2024-12-21 00:04:29.224 ,XZQWERTYUI06,912810RZ3,SELL,50000000,100-013,DONE,
2024-12-21 00:04:29.225 ,XZQWERTYUI07,912810RZ3,BUY,40000000,99-166,DONE,
2024-12-21 00:04:29.225 ,XZQWERTYUI08,912810RZ3,SELL,30000000,100-075,DONE,
2024-12-21 00:04:29.226 ,XZQWERTYUI09,912810RZ3,BUY,20000000,100-012,DONE,
2024-12-21 00:04:29.226 ,XZQWERTYUI10,912810RZ3,SELL,10000000,100-103,DONE,
2024-12-21 00:12:11.112 ,QWERTYUIOP01,9128283H1,BUY,10000000,99-281,DONE,
2024-12-21 00:12:11.112 ,QWERTYUIOP02,9128283H1,SELL,20000000,99-123,DONE,
2024-12-21 00:12:11.113 ,QWERTYUIOP03,9128283H1,BUY,30000000,99-287,DONE,
2024-12-21 00:12:11.113 ,QWERTYUIOP04,9128283H1,SELL,40000000,99-255,DONE,
2024-12-21 00:12:11.114 ,QWERTYUIOP05,9128283H1,BUY,50000000,100-263,DONE,
2024-12-21 00:12:11.114 ,QWERTYUIOP06,9128283H1,SELL,50000000,99-147,DONE,
2024-12-21 00:12:11.115 ,QWERTYUIOP07,9128283H1,BUY,40000000,99-093,DONE,
2024-12-21 00:12:11.115 ,QWERTYUIOP08,9128283H1,SELL,30000000,99-020,DONE,
2024-12-21 00:12:11.116 ,QWERTYUIOP09,9128283H1,BUY,20000000,99-040,DONE,
2024-12-21 00:12:11.116 ,QWERTYUIOP10,9128283H1,SELL,10000000,99-177,DONE,
2024-12-21 00:12:11.117 ,ASDFGHJKLZ01,9128283L2,BUY,10000000,100-086,DONE,
2024-12-21 00:12:11.118 ,ASDFGHJKLZ02,9128283L2,SELL,20000000,100-061,DONE,
2024-12-21 00:12:11.119 ,ASDFGHJKLZ03,9128283L2,BUY,30000000,100-103,DONE,
2024-12-21 00:12:11.119 ,ASDFGHJKLZ04,9128283L2,SELL,40000000,100-000,DONE,
2024-12-21 00:12:11.120 ,ASDFGHJKLZ05,9128283L2,BUY,50000000,100-246,DONE,
2024-12-21 00:12:11.121 ,ASDFGHJKLZ06,9128283L2,SELL,50000000,99-001,DONE,
2024-12-21 00:12:11.121 ,ASDFGHJKLZ07,9128283L2,BUY,40000000,99-18+,DONE,
2024-12-21 00:12:11.122 ,ASDFGHJKLZ08,9128283L2,SELL,30000000,99-015,DONE,
2024-12-21 00:12:11.123 ,ASDFGHJKLZ09,9128283L2,BUY,20000000,100-272,DONE,
2024-12-21 00:12:11.124 ,ASDFGHJKLZ10,9128283L2,SELL,10000000,100-197,DONE,
2024-12-21 00:12:11.124 ,XCVBNMPOIU01,912828M80,BUY,10000000,99-27+,DONE,
2024-12-21 00:12:11.125 ,XCVBNMPOIU02,912828M80,SELL,20000000,100-061,DONE,
2024-12-21 00:12:11.126 ,XCVBNMPOIU03,912828M80,BUY,30000000,99-053,DONE,
2024-12-21 00:12:11.127 ,XCVBNMPOIU04,912828M80,SELL,40000000,99-086,DONE,
2024-12-21 00:12:11.127 ,XCVBNMPOIU05,912828M80,BUY,50000000,99-11+,DONE,
2024-12-21 00:12:11.128 ,XCVBNMPOIU06,912828M80,SELL,50000000,100-101,DONE,
2024-12-21 00:12:11.129 ,XCVBNMPOIU07,912828M80,BUY,40000000,100-261,DONE,
2024-12-21 00:12:11.129 ,XCVBNMPOIU08,912828M80,SELL,30000000,100-242,DONE,
2024-12-21 00:12:11.130 ,XCVBNMPOIU09,912828M80,BUY,20000000,100-292,DONE,
2024-12-21 00:12:11.131 ,XCVBNMPOIU10,912828M80,SELL,10000000,99-097,DONE,
2024-12-21 00:12:11.131 ,YTREWQLKJH01,9128283J7,BUY,10000000,100-140,DONE,
2024-12-21 00:12:11.132 ,YTREWQLKJH02,9128283J7,SELL,20000000,99-187,DONE,
2024-12-21 00:12:11.133 ,YTREWQLKJH03,9128283J7,BUY,30000000,100-121,DONE,
2024-12-21 00:12:11.133 ,YTREWQLKJH04,9128283J7,SELL,40000000,99-046,DONE,
2024-12-21 00:12:11.134 ,YTREWQLKJH05,9128283J7,BUY,50000000,99-291,DONE,
2024-12-21 00:12:11.134 ,YTREWQLKJH06,9128283J7,SELL,50000000,100-052,DONE,
2024-12-21 00:12:11.135 ,YTREWQLKJH07,9128283J7,BUY,40000000,100-16+,DONE,
2024-12-21 00:12:11.135 ,YTREWQLKJH08,9128283J7,SELL,30000000,99-315,DONE,
2024-12-21 00:12:11.135 ,YTREWQLKJH09,9128283J7,BUY,20000000,100-220,DONE,
2024-12-21 00:12:11.136 ,YTREWQLKJH10,9128283J7,SELL,10000000,100-277,DONE,
2024-12-21 00:12:11.136 ,GFDSAMNBVC01,9128283F5,BUY,10000000,100-166,DONE,
2024-12-21 00:12:11.137 ,GFDSAMNBVC02,9128283F5,SELL,20000000,100-040,DONE,
2024-12-21 00:12:11.137 ,GFDSAMNBVC03,9128283F5,BUY,30000000,99-161,DONE,
2024-12-21 00:12:11.138 ,GFDSAMNBVC04,9128283F5,SELL,40000000,100-29+,DONE,
2024-12-21 00:12:11.138 ,GFDSAMNBVC05,9128283F5,BUY,50000000,99-052,DONE,
2024-12-21 00:12:11.139 ,GFDSAMNBVC06,9128283F5,SELL,50000000,100-20+,DONE,
2024-12-21 00:12:11.139 ,GFDSAMNBVC07,9128283F5,BUY,40000000,99-023,DONE,
2024-12-21 00:12:11.140 ,GFDSAMNBVC08,9128283F5,SELL,30000000,99-086,DONE,
2024-12-21 00:12:11.140 ,GFDSAMNBVC09,9128283F5,BUY,20000000,99-075,DONE,
2024-12-21 00:12:11.141 ,GFDSAMNBVC10,9128283F5,SELL,10000000,99-035,DONE,
2024-12-21 00:12:11.141 ,XZQWERTYUI01,912810RZ3,BUY,10000000,100-013,DONE,
2024-12-21 00:12:11.141 ,XZQWERTYUI02,912810RZ3,SELL,20000000,99-245,DONE,
2024-12-21 00:12:11.142 ,XZQWERTYUI03,912810RZ3,BUY,30000000,99-002,DONE,
2024-12-21 00:12:11.142 ,XZQWERTYUI04,912810RZ3,SELL,40000000,100-277,DONE,
2024-12-21 00:12:11.143 ,XZQWERTYUI05,912810RZ3,BUY,50000000,100-047,DONE,
2024-12-21 00:12:11.143 ,XZQWERTYUI06,912810RZ3,SELL,50000000,100-013,DONE,
2024-12-21 00:12:11.144 ,XZQWERTYUI07,912810RZ3,BUY,40000000,99-166,DONE,
2024-12-21 00:12:11.144 ,XZQWERTYUI08,912810RZ3,SELL,30000000,100-075,DONE,
2024-12-21 00:12:11.145 ,XZQWERTYUI09,912810RZ3,BUY,20000000,100-012,DONE,
2024-12-21 00:12:11.145 ,XZQWERTYUI10,912810RZ3,SELL,10000000,100-103,DONE,
2024-12-21 00:15:47.611 ,QWERTYUIOP01,9128283H1,BUY,10000000,99-281,DONE,
2024-12-21 00:15:47.612 ,QWERTYUIOP02,9128283H1,SELL,20000000,99-123,DONE,
2024-12-21 00:15:47.612 ,QWERTYUIOP03,9128283H1,BUY,30000000,99-287,DONE,
2024-12-21 00:15:47.613 ,QWERTYUIOP04,9128283H1,SELL,40000000,99-255,DONE,
2024-12-21 00:15:47.614 ,QWERTYUIOP05,9128283H1,BUY,50000000,100-263,DONE,
2024-12-21 00:15:47.614 ,QWERTYUIOP06,9128283H1,SELL,50000000,99-147,DONE,
2024-12-21 00:15:47.614 ,QWERTYUIOP07,9128283H1,BUY,40000000,99-093,DONE,
2024-12-21 00:15:47.615 ,QWERTYUIOP08,9128283H1,SELL,30000000,99-020,DONE,
2024-12-21 00:15:47.615 ,QWERTYUIOP09,9128283H1,BUY,20000000,99-040,DONE,
2024-12-21 00:15:47.615 ,QWERTYUIOP10,9128283H1,SELL,10000000,99-177,DONE,
2024-12-21 00:15:47.616 ,ASDFGHJKLZ01,9128283L2,BUY,10000000,100-086,DONE,
2024-12-21 00:15:47.616 ,ASDFGHJKLZ02,9128283L2,SELL,20000000,100-061,DONE,
2024-12-21 00:15:47.616 ,ASDFGHJKLZ03,9128283L2,BUY,30000000,100-103,DONE,
2024-12-21 00:15:47.617 ,ASDFGHJKLZ04,9128283L2,SELL,40000000,100-000,DONE,
2024-12-21 00:15:47.617 ,ASDFGHJKLZ05,9128283L2,BUY,50000000,100-246,DONE,
2024-12-21 00:15:47.618 ,ASDFGHJKLZ06,9128283L2,SELL,50000000,99-001,DONE,
2024-12-21 00:15:47.618 ,ASDFGHJKLZ07,9128283L2,BUY,40000000,99-18+,DONE,
2024-12-21 00:15:47.618 ,ASDFGHJKLZ08,9128283L2,SELL,30000000,99-015,DONE,
2024-12-21 00:15:47.619 ,ASDFGHJKLZ09,9128283L2,BUY,20000000,100-272,DONE,
2024-12-21 00:15:47.619 ,ASDFGHJKLZ10,9128283L2,SELL,10000000,100-197,DONE,
2024-12-21 00:15:47.619 ,XCVBNMPOIU01,912828M80,BUY,10000000,99-27+,DONE,
2024-12-21 00:15:47.620 ,XCVBNMPOIU02,912828M80,SELL,20000000,100-061,DONE,
2024-12-21 00:15:47.620 ,XCVBNMPOIU03,912828M80,BUY,30000000,99-053,DONE,
2024-12-21 00:15:47.620 ,XCVBNMPOIU04,912828M80,SELL,40000000,99-086,DONE,
2024-12-21 00:15:47.621 ,XCVBNMPOIU05,912828M80,BUY,50000000,99-11+,DONE,
2024-12-21 00:15:47.621 ,XCVBNMPOIU06,912828M80,SELL,50000000,100-101,DONE,
2024-12-21 00:15:47.621 ,XCVBNMPOIU07,912828M80,BUY,40000000,100-261,DONE,
2024-12-21 00:15:47.625 ,XCVBNMPOIU08,912828M80,SELL,30000000,100-242,DONE,
2024-12-21 00:15:47.625 ,XCVBNMPOIU09,912828M80,BUY,20000000,100-292,DONE,
2024-12-21 00:15:47.625 ,XCVBNMPOIU10,912828M80,SELL,10000000,99-097,DONE,
2024-12-21 00:15:47.626 ,YTREWQLKJH01,9128283J7,BUY,10000000,100-140,DONE,
2024-12-21 00:15:47.626 ,YTREWQLKJH02,9128283J7,SELL,20000000,99-187,DONE,
2024-12-21 00:15:47.627 ,YTREWQLKJH03,9128283J7,BUY,30000000,100-121,DONE,
2024-12-21 00:15:47.627 ,YTREWQLKJH04,9128283J7,SELL,40000000,99-046,DONE,
2024-12-21 00:15:47.627 ,YTREWQLKJH05,9128283J7,BUY,50000000,99-291,DONE,
2024-12-21 00:15:47.628 ,YTREWQLKJH06,9128283J7,SELL,50000000,100-052,DONE,
2024-12-21 00:15:47.628 ,YTREWQLKJH07,9128283J7,BUY,40000000,100-16+,DONE,
2024-12-21 00:15:47.628 ,YTREWQLKJH08,9128283J7,SELL,30000000,99-315,DONE,
2024-12-21 00:15:47.629 ,YTREWQLKJH09,9128283J7,BUY,20000000,100-220,DONE,
2024-12-21 00:15:47.629 ,YTREWQLKJH10,9128283J7,SELL,10000000,100-277,DONE,
2024-12-21 00:15:47.629 ,GFDSAMNBVC01,9128283F5,BUY,10000000,100-166,DONE,
2024-12-21 00:15:47.630 ,GFDSAMNBVC02,9128283F5,SELL,20000000,100-040,DONE,
2024-12-21 00:15:47.630 ,GFDSAMNBVC03,9128283F5,BUY,30000000,99-161,DONE,
2024-12-21 00:15:47.631 ,GFDSAMNBVC04,9128283F5,SELL,40000000,100-29+,DONE,
2024-12-21 00:15:47.631 ,GFDSAMNBVC05,9128283F5,BUY,50000000,99-052,DONE,
2024-12-21 00:15:47.631 ,GFDSAMNBVC06,9128283F5,SELL,50000000,100-20+,DONE,
2024-12-21 00:15:47.632 ,GFDSAMNBVC07,9128283F5,BUY,40000000,99-023,DONE,
2024-12-21 00:15:47.632 ,GFDSAMNBVC08,9128283F5,SELL,30000000,99-086,DONE,
2024-12-21 00:15:47.632 ,GFDSAMNBVC09,9128283F5,BUY,20000000,99-075,DONE,
2024-12-21 00:15:47.633 ,GFDSAMNBVC10,9128283F5,SELL,10000000,99-035,DONE,
2024-12-21 00:15:47.633 ,XZQWERTYUI01,912810RZ3,BUY,10000000,100-013,DONE,
2024-12-21 00:15:47.634 ,XZQWERTYUI02,912810RZ3,SELL,20000000,99-245,DONE,
2024-12-21 00:15:47.634 ,XZQWERTYUI03,912810RZ3,BUY,30000000,99-002,DONE,
2024-12-21 00:15:47.634 ,XZQWERTYUI04,912810RZ3,SELL,40000000,100-277,DONE,
2024-12-21 00:15:47.635 ,XZQWERTYUI05,912810RZ3,BUY,50000000,100-047,DONE,
2024-12-21 00:15:47.635 ,XZQWERTYUI06,912810RZ3,SELL,50000000,100-013,DONE,
2024-12-21 00:15:47.635 ,XZQWERTYUI07,912810RZ3,BUY,40000000,99-166,DONE,
2024-12-21 00:15:47.636 ,XZQWERTYUI08,912810RZ3,SELL,30000000,100-075,DONE,
2024-12-21 00:15:47.636 ,XZQWERTYUI09,912810RZ3,BUY,20000000,100-012,DONE,
2024-12-21 00:15:47.637 ,XZQWERTYUI10,912810RZ3,SELL,10000000,100-103,DONE,
2024-12-21 00:23:38.613,QWERTYUIOP01,9128283H1,BUY,10000000,99-281,DONE,
2024-12-21 00:23:38.613,QWERTYUIOP02,9128283H1,SELL,20000000,99-123,DONE,
2024-12-21 00:23:38.614,QWERTYUIOP03,9128283H1,BUY,30000000,99-287,DONE,
2024-12-21 00:23:38.614,QWERTYUIOP04,9128283H1,SELL,40000000,99-255,DONE,
2024-12-21 00:23:38.615,QWERTYUIOP05,9128283H1,BUY,50000000,100-263,DONE,
2024-12-21 00:23:38.615,QWERTYUIOP06,9128283H1,SELL,50000000,99-147,DONE,
2024-12-21 00:23:38.615,QWERTYUIOP07,9128283H1,BUY,40000000,99-093,DONE,
2024-12-21 00:23:38.616,QWERTYUIOP08,9128283H1,SELL,30000000,99-020,DONE,
2024-12-21 00:23:38.616,QWERTYUIOP09,9128283H1,BUY,20000000,99-040,DONE,
2024-12-21 00:23:38.616,QWERTYUIOP10,9128283H1,SELL,10000000,99-177,DONE,
2024-12-21 00:23:38.617,ASDFGHJKLZ01,9128283L2,BUY,10000000,100-086,DONE,
2024-12-21 00:23:38.617,ASDFGHJKLZ02,9128283L2,SELL,20000000,100-061,DONE,
2024-12-21 00:23:38.618,ASDFGHJKLZ03,9128283L2,BUY,30000000,100-103,DONE,
2024-12-21 00:23:38.618,ASDFGHJKLZ04,9128283L2,SELL,40000000,100-000,DONE,
2024-12-21 00:23:38.618,ASDFGHJKLZ05,9128283L2,BUY,50000000,100-246,DONE,
2024-12-21 00:23:38.619,ASDFGHJKLZ06,9128283L2,SELL,50000000,99-001,DONE,
2024-12-21 00:23:38.619,ASDFGHJKLZ07,9128283L2,BUY,40000000,99-18+,DONE,
2024-12-21 00:23:38.620,ASDFGHJKLZ08,9128283L2,SELL,30000000,99-015,DONE,
2024-12-21 00:23:38.620,ASDFGHJKLZ09,9128283L2,BUY,20000000,100-272,DONE,
2024-12-21 00:23:38.620,ASDFGHJKLZ10,9128283L2,SELL,10000000,100-197,DONE,
2024-12-21 00:23:38.621,XCVBNMPOIU01,912828M80,BUY,10000000,99-27+,DONE,
2024-12-21 00:23:38.621,XCVBNMPOIU02,912828M80,SELL,20000000,100-061,DONE,
2024-12-21 00:23:38.622,XCVBNMPOIU03,912828M80,BUY,30000000,99-053,DONE,
2024-12-21 00:23:38.622,XCVBNMPOIU04,912828M80,SELL,40000000,99-086,DONE,
2024-12-21 00:23:38.622,XCVBNMPOIU05,912828M80,BUY,50000000,99-11+,DONE,
2024-12-21 00:23:38.623,XCVBNMPOIU06,912828M80,SELL,50000000,100-101,DONE,
2024-12-21 00:23:38.623,XCVBNMPOIU07,912828M80,BUY,40000000,100-261,DONE,
2024-12-21 00:23:38.624,XCVBNMPOIU08,912828M80,SELL,30000000,100-242,DONE,
2024-12-21 00:23:38.624,XCVBNMPOIU09,912828M80,BUY,20000000,100-292,DONE,
2024-12-21 00:23:38.624,XCVBNMPOIU10,912828M80,SELL,10000000,99-097,DONE,
2024-12-21 00:23:38.625,YTREWQLKJH01,9128283J7,BUY,10000000,100-140,DONE,
2024-12-21 00:23:38.625,YTREWQLKJH02,9128283J7,SELL,20000000,99-187,DONE,
2024-12-21 00:23:38.626,YTREWQLKJH03,9128283J7,BUY,30000000,100-121,DONE,
2024-12-21 00:23:38.626,YTREWQLKJH04,9128283J7,SELL,40000000,99-046,DONE,
2024-12-21 00:23:38.627,YTREWQLKJH05,9128283J7,BUY,50000000,99-291,DONE,
2024-12-21 00:23:38.627,YTREWQLKJH06,9128283J7,SELL,50000000,100-052,DONE,
2024-12-21 00:23:38.627,YTREWQLKJH07,9128283J7,BUY,40000000,100-16+,DONE,
2024-12-21 00:23:38.628,YTREWQLKJH08,9128283J7,SELL,30000000,99-315,DONE,
2024-12-21 00:23:38.628,YTREWQLKJH09,9128283J7,BUY,20000000,100-220,DONE,
2024-12-21 00:23:38.629,YTREWQLKJH10,9128283J7,SELL,10000000,100-277,DONE,
2024-12-21 00:23:38.629,GFDSAMNBVC01,9128283F5,BUY,10000000,100-166,DONE,
2024-12-21 00:23:38.630,GFDSAMNBVC02,9128283F5,SELL,20000000,100-040,DONE,
2024-12-21 00:23:38.630,GFDSAMNBVC03,9128283F5,BUY,30000000,99-161,DONE,
2024-12-21 00:23:38.630,GFDSAMNBVC04,9128283F5,SELL,40000000,100-29+,DONE,
2024-12-21 00:23:38.631,GFDSAMNBVC05,9128283F5,BUY,50000000,99-052,DONE,
2024-12-21 00:23:38.631,GFDSAMNBVC06,9128283F5,SELL,50000000,100-20+,DONE,
2024-12-21 00:23:38.631,GFDSAMNBVC07,9128283F5,BUY,40000000,99-023,DONE,
2024-12-21 00:23:38.632,GFDSAMNBVC08,9128283F5,SELL,30000000,99-086,DONE,
2024-12-21 00:23:38.632,GFDSAMNBVC09,9128283F5,BUY,20000000,99-075,DONE,
2024-12-21 00:23:38.633,GFDSAMNBVC10,9128283F5,SELL,10000000,99-035,DONE,
2024-12-21 00:23:38.633,XZQWERTYUI01,912810RZ3,BUY,10000000,100-013,DONE,
2024-12-21 00:23:38.633,XZQWERTYUI02,912810RZ3,SELL,20000000,99-245,DONE,
2024-12-21 00:23:38.634,XZQWERTYUI03,912810RZ3,BUY,30000000,99-002,DONE,
2024-12-21 00:23:38.634,XZQWERTYUI04,912810RZ3,SELL,40000000,100-277,DONE,
2024-12-21 00:23:38.635,XZQWERTYUI05,912810RZ3,BUY,50000000,100-047,DONE,
2024-12-21 00:23:38.635,XZQWERTYUI06,912810RZ3,SELL,50000000,100-013,DONE,
2024-12-21 00:23:38.635,XZQWERTYUI07,912810RZ3,BUY,40000000,99-166,DONE,
2024-12-21 00:23:38.636,XZQWERTYUI08,912810RZ3,SELL,30000000,100-075,DONE,
2024-12-21 00:23:38.636,XZQWERTYUI09,912810RZ3,BUY,20000000,100-012,DONE,
2024-12-21 00:23:38.636,XZQWERTYUI10,912810RZ3,SELL,10000000,100-103,DONE,
2024-12-21 00:24:04.241,QWERTYUIOP01,9128283H1,BUY,10000000,99-281,DONE,
2024-12-21 00:24:04.241,QWERTYUIOP02,9128283H1,SELL,20000000,99-123,DONE,
2024-12-21 00:24:04.242,QWERTYUIOP03,9128283H1,BUY,30000000,99-287,DONE,
2024-12-21 00:24:04.242,QWERTYUIOP04,9128283H1,SELL,40000000,99-255,DONE,
2024-12-21 00:24:04.243,QWERTYUIOP05,9128283H1,BUY,50000000,100-263,DONE,
2024-12-21 00:24:04.243,QWERTYUIOP06,9128283H1,SELL,50000000,99-147,DONE,
2024-12-21 00:24:04.244,QWERTYUIOP07,9128283H1,BUY,40000000,99-093,DONE,
2024-12-21 00:24:04.244,QWERTYUIOP08,9128283H1,SELL,30000000,99-020,DONE,
2024-12-21 00:24:04.245,QWERTYUIOP09,9128283H1,BUY,20000000,99-040,DONE,
2024-12-21 00:24:04.245,QWERTYUIOP10,9128283H1,SELL,10000000,99-177,DONE,
2024-12-21 00:24:04.245,ASDFGHJKLZ01,9128283L2,BUY,10000000,100-086,DONE,
2024-12-21 00:24:04.246,ASDFGHJKLZ02,9128283L2,SELL,20000000,100-061,DONE,
2024-12-21 00:24:04.246,ASDFGHJKLZ03,9128283L2,BUY,30000000,100-103,DONE,
2024-12-21 00:24:04.247,ASDFGHJKLZ04,9128283L2,SELL,40000000,100-000,DONE,
2024-12-21 00:24:04.247,ASDFGHJKLZ05,9128283L2,BUY,50000000,100-246,DONE,
2024-12-21 00:24:04.248,ASDFGHJKLZ06,9128283L2,SELL,50000000,99-001,DONE,
2024-12-21 00:24:04.248,ASDFGHJKLZ07,9128283L2,BUY,40000000,99-18+,DONE,
2024-12-21 00:24:04.248,ASDFGHJKLZ08,9128283L2,SELL,30000000,99-015,DONE,
2024-12-21 00:24:04.249,ASDFGHJKLZ09,9128283L2,BUY,20000000,100-272,DONE,
2024-12-21 00:24:04.249,ASDFGHJKLZ10,9128283L2,SELL,10000000,100-197,DONE,
2024-12-21 00:24:04.250,XCVBNMPOIU01,912828M80,BUY,10000000,99-27+,DONE,
2024-12-21 00:24:04.250,XCVBNMPOIU02,912828M80,SELL,20000000,100-061,DONE,
2024-12-21 00:24:04.251,XCVBNMPOIU03,912828M80,BUY,30000000,99-053,DONE,
2024-12-21 00:24:04.251,XCVBNMPOIU04,912828M80,SELL,40000000,99-086,DONE,
2024-12-21 00:24:04.252,XCVBNMPOIU05,912828M80,BUY,50000000,99-11+,DONE,
2024-12-21 00:24:04.252,XCVBNMPOIU06,912828M80,SELL,50000000,100-101,DONE,
2024-12-21 00:24:04.253,XCVBNMPOIU07,912828M80,BUY,40000000,100-261,DONE,
2024-12-21 00:24:04.253,XCVBNMPOIU08,912828M80,SELL,30000000,100-242,DONE,
2024-12-21 00:24:04.254,XCVBNMPOIU09,912828M80,BUY,20000000,100-292,DONE,
2024-12-21 00:24:04.254,XCVBNMPOIU10,912828M80,SELL,10000000,99-097,DONE,
2024-12-21 00:24:04.255,YTREWQLKJH01,9128283J7,BUY,10000000,100-140,DONE,
2024-12-21 00:24:04.255,YTREWQLKJH02,9128283J7,SELL,20000000,99-187,DONE,
2024-12-21 00:24:04.255,YTREWQLKJH03,9128283J7,BUY,30000000,100-121,DONE,
2024-12-21 00:24:04.256,YTREWQLKJH04,9128283J7,SELL,40000000,99-046,DONE,
2024-12-21 00:24:04.256,YTREWQLKJH05,9128283J7,BUY,50000000,99-291,DONE,
2024-12-21 00:24:04.257,YTREWQLKJH06,9128283J7,SELL,50000000,100-052,DONE,
2024-12-21 00:24:04.257,YTREWQLKJH07,9128283J7,BUY,40000000,100-16+,DONE,
2024-12-21 00:24:04.257,YTREWQLKJH08,9128283J7,SELL,30000000,99-315,DONE,
2024-12-21 00:24:04.258,YTREWQLKJH09,9128283J7,BUY,20000000,100-220,DONE,
2024-12-21 00:24:04.258,YTREWQLKJH10,9128283J7,SELL,10000000,100-277,DONE,
2024-12-21 00:24:04.259,GFDSAMNBVC01,9128283F5,BUY,10000000,100-166,DONE,
2024-12-21 00:24:04.259,GFDSAMNBVC02,9128283F5,SELL,20000000,100-040,DONE,
2024-12-21 00:24:04.260,GFDSAMNBVC03,9128283F5,BUY,30000000,99-161,DONE,
2024-12-21 00:24:04.260,GFDSAMNBVC04,9128283F5,SELL,40000000,100-29+,DONE,
2024-12-21 00:24:04.260,GFDSAMNBVC05,9128283F5,BUY,50000000,99-052,DONE,
2024-12-21 00:24:04.261,GFDSAMNBVC06,9128283F5,SELL,50000000,100-20+,DONE,
2024-12-21 00:24:04.261,GFDSAMNBVC07,9128283F5,BUY,40000000,99-023,DONE,
2024-12-21 00:24:04.262,GFDSAMNBVC08,9128283F5,SELL,30000000,99-086,DONE,
2024-12-21 00:24:04.262,GFDSAMNBVC09,9128283F5,BUY,20000000,99-075,DONE,
2024-12-21 00:24:04.262,GFDSAMNBVC10,9128283F5,SELL,10000000,99-035,DONE,
2024-12-21 00:24:04.263,XZQWERTYUI01,912810RZ3,BUY,10000000,100-013,DONE,
2024-12-21 00:24:04.263,XZQWERTYUI02,912810RZ3,SELL,20000000,99-245,DONE,
2024-12-21 00:24:04.264,XZQWERTYUI03,912810RZ3,BUY,30000000,99-002,DONE,
2024-12-21 00:24:04.264,XZQWERTYUI04,912810RZ3,SELL,40000000,100-277,DONE,
2024-12-21 00:24:04.265,XZQWERTYUI05,912810RZ3,BUY,50000000,100-047,DONE,
2024-12-21 00:24:04.265,XZQWERTYUI06,912810RZ3,SELL,50000000,100-013,DONE,
2024-12-21 00:24:04.266,XZQWERTYUI07,912810RZ3,BUY,40000000,99-166,DONE,
2024-12-21 00:24:04.266,XZQWERTYUI08,912810RZ3,SELL,30000000,100-075,DONE,
2024-12-21 00:24:04.267,XZQWERTYUI09,912810RZ3,BUY,20000000,100-012,DONE,
2024-12-21 00:24:04.267,XZQWERTYUI10,912810RZ3,SELL,10000000,100-103,DONE,
